<?xml version="1.0" encoding="UTF-8"?><collection xmlns="http://www.loc.gov/MARC21/slim"><record><leader>00332nam--2200109-i-4500</leader><controlfield tag="001">000029383</controlfield><controlfield tag="002">20161230</controlfield><controlfield tag="005">20161230201037</controlfield><controlfield tag="008">060222s1000------------r-----000-0-eng-d</controlfield><datafield ind1=" " ind2=" " tag="080"><subfield code="a">621.39(038)=30:303.8=30</subfield></datafield><datafield ind1=" " ind2=" " tag="245"><subfield code="a">Lexikon der hochfrequenz, nachrichten und elektrotechnik. grsg.von curt rint</subfield></datafield><datafield ind1=" " ind2=" " tag="260"><subfield code="a">Berlin, Verlag Technik, 1957-1959</subfield></datafield></record></collection>